<collection xmlns="http://www.loc.gov/MARC21/slim">
<record>
  <leader>00709nam0a22001451i 450 </leader>
  <controlfield tag="001">IT\ICCU\CNCE\062809</controlfield>
  <controlfield tag="005">20051212000000.0</controlfield>
  <datafield tag="100" ind1=" " ind2=" ">
    <subfield code="a">20051207d1550        0itac0103    ba</subfield>
  </datafield>
  <datafield tag="101" ind1=" " ind2=" ">
    <subfield code="a">LAT</subfield>
  </datafield>
  <datafield tag="102" ind1=" " ind2=" ">
    <subfield code="a">IT</subfield>
  </datafield>
  <datafield tag="200" ind1="1" ind2=" ">
    <subfield code="a">℗Baptistae Marchionis Palavicini, Episcopi Regiensis, ℗in Historiam deflendae Crucis &amp; funeris D. N. Iesu Christi Carmen. Ad Eugenium Quartum S. R. E. Pont. Max</subfield>
  </datafield>
  <datafield tag="210" ind1=" " ind2=" ">
    <subfield code="d">\144.!</subfield>
  </datafield>
  <datafield tag="300" ind1=" " ind2=" ">
    <subfield code="a">ANNULLATA  !!!!  quasi sicuramente non  ̈una cinquecentina &gt;&gt; Eugenio IV muore nel 1447 e Battista Pallavicini era ancora vescovo di Reggio nel 1445 quando consacra il nuovo altare della cappella di S.Vitale</subfield>
  </datafield>
  <datafield tag="801" ind1=" " ind2="3">
    <subfield code="a">IT</subfield>
    <subfield code="b">ICCU</subfield>
    <subfield code="c">20201115</subfield>
  </datafield>
  <datafield tag="899" ind1=" " ind2=" ">
    <subfield code="a">Biblioteca comunale Augusta. Perugia</subfield>
    <subfield code="1">PG0109</subfield>
    <subfield code="2">UM1 01</subfield>
  </datafield>
</record>
</collection>
